@article{brendomatos,
  author    = {Wilfredo Rojas},
  title     = {
	Análisis de complejidad del algoritmo: ¿cuál es la importancia?,
  year      = {2022},
}
}